@misc{foursquare,
	Title = {{Foursquare}},
	howpublished = {\url{http://foursquare.com/}}
}

@misc{hotp,
	Title = {{Hot Potato}},
	howpublished = {\url{http://hotpotato.com/}}
}

@misc{meetup,
	Title = {{Meetup}},
	howpublished = {\url{http://www.meetup.com/}}
}

@misc{google,
	Title = {{Google Maps}},
	howpublished = {\url{http://maps.google.com/}}
}

@misc{html5,
	Author = {{W3C}},
	Title = {{HTML5 - Editors Draft 11 May 2010}},
	howpublished = {\url{http://dev.w3.org/html5/spec/Overview.html}}
}

@misc{json,
	Author = {{Internet Engineering Task Force}},
	Title = {{The application/json Media Type for JavaScript Object Notation (JSON)}},
	howpublished = {\url{http://www.ietf.org/rfc/rfc4627.txt}}
}



